Untuk setiap referensi, baris pertama (newton1687) merupakan label dan baris-baris berikutnya
merupakan atribut dari referensi yang akan digunakan. Umumnya, format referensi berikut sudah
disediakan oleh penyedia sumber referensi secara online dan bisa langsung ditaruh di sini.

Lihat https://www.bibtex.com/g/bibtex-format/ untuk informasi lebih lanjut mengenai format
BibTex yang digunakan pada file ini.
@article{Younus2025,
  author    = {Muhammad Younus and Eko Priyo Purnomo and Achmad Nurmandi and Dyah Mutiarin and Halimah Abdul Manaf and Fathiya Mumtaz and Tiara Khairunnisa},
  title     = {Analyzing the trend of government support for cloud computing usage in e-government architecture},
  journal   = {Journal of Cloud Computing},
  volume    = {14},
  number    = {1},
  pages     = {14},
  year      = {2025},
  issn      = {2192-113X},
  doi       = {10.1186/s13677-025-00735-y}
}

@book{Buyya2013,
  author    = {Rajkumar Buyya and Christian Vecchiola and Thamarai Selvi Somasundaram},
  title     = {Mastering Cloud Computing: Foundations and Application Programming},
  year      = {2013},
  isbn      = {978-0-12-411454-8},
  publisher = {Morgan Kaufmann},
  doi       = {10.1016/C2012-0-06719-1}
}

@article{Prity2023,
  author = {Prity, F.S. and Gazi, M.H. and Uddin, K.M.A.},
  title = {A review of task scheduling in cloud computing based on nature-inspired optimization algorithm},
  journal = {Cluster Computing},
  volume = {26},
  pages = {3037--3067},
  year = {2023},
  doi = {10.1007/s10586-023-04090-y}
}

@article{Deepa2016,
  author    = {O. Deepa and A. Senthilkumar},
  title     = {Swarm Intelligence from Natural to Artificial Systems: Ant Colony Optimization},
  year      = {2016},
  pages     = {9--17},
  volume    = {8},
  journal   = {International Journal on Applications of Graph Theory in Wireless Ad Hoc Networks and Sensor Networks},
  doi       = {10.5121/jgraphoc.2016.8102}
}

@article{Tawfeek2015,
  author = {M. A. Tawfeek and A. El-Sisi and A. E. Keshk and F. A. Torkey},
  title = {Artificial bee colony algorithm for cloud task scheduling},
  journal = {Journal of Cloud Computing: Advances, Systems and Applications},
  year = {2015}
}

@article{Li2024,
  author = {Q. Li and X. Wang},
  title = {Modified artificial bee colony algorithm for load balancing in cloud computing environments},
  journal = {International Journal of Advanced Computer Science and Applications},
  year = {2024},
  doi = {10.14569/ijacsa.2024.01505103}
}

@article{Guo2015,
  author = {Z. Guo and S. Wang and X. Yue and D. Jiang and K. Li},
  title = {Elite opposition-based artificial bee colony algorithm for global optimization},
  journal = {International Journal of Engineering (IJE), TRANSACTIONS C: Aspects},
  volume = {28},
  number = {9},
  pages = {1268--1275},
  year = {2015}
}

@article{Zhou2016,
  author = {Y. Zhou and R. Wang and Q. Luo},
  title = {Elite opposition-based flower pollination algorithm},
  journal = {Neurocomputing},
  volume = {188},
  pages = {294--310},
  year = {2016},
  issn = {0925-2312},
  doi = {https://doi.org/10.1016/j.neucom.2015.01.110}
}

@article{Ibrahim2025,
  author    = {Ashraf Osman Ibrahim and Elsadig Mohammed Elbushra Elfadel and Ibrahim Abaker Targio Hashem and Hassan Jamil Syed and Moh Arfian Ismail and Ahmed Hamza Osman and Ali Ahmed},
  title     = {The Artificial Bee Colony Algorithm: A Comprehensive Survey of Variants, Modifications, Applications, Developments, and Opportunities},
  journal   = {Archives of Computational Methods in Engineering},
  year      = {2025},
  issn      = {1886-1784},
  doi       = {10.1007/s11831-025-10269-w}
}

@article{Babadi2022,
  author    = {Mehdi Babadi and Mohammad Shiri and Mohammad Goudarzi and Hamid Haj Seyyed Javadi},
  title     = {Multi-objective tasks scheduling using artificial bee colony algorithm based on cellular automata in cloud computing environment},
  journal   = {International Journal of Electrical and Computer Engineering (IJECE)},
  volume    = {12},
  pages     = {5657--5666},
  year      = {2022},
  doi       = {10.11591/ijece.v12i5.pp5657-5666}
}

@article{Kaya2022,
  author    = {Ebubekir Kaya and Beyza Gorkemli and Bahriye Akay and Dervis Karaboga},
  title     = {A review on the studies employing artificial bee colony algorithm to solve combinatorial optimization problems},
  journal   = {Engineering Applications of Artificial Intelligence},
  volume    = {115},
  pages     = {105311},
  year      = {2022},
  issn      = {0952-1976},
  doi       = {https://doi.org/10.1016/j.engappai.2022.105311}
}

@article{Vasquez2024,
  author    = {Philip Vasquez Iglesias and Amelia Pizarro and David Zabala-Blanco and Juan Fuentes-Concha and Roberto Ahumada-Garcia and David Laroze and Paulo Gonzalez},
  title     = {A Hyper-Parameter Optimizer Algorithm Based on Conditional Opposition Local-Based Learning Forbidden Redundant Indexes Adaptive Artificial Bee Colony Applied to Regularized Extreme Learning Machine},
  journal   = {Electronics},
  volume    = {13},
  year      = {2024},
  doi       = {10.3390/electronics13234652}
}

@article{Prity2024,
  author    = {Farida Siddiqi Prity and K. M. Aslam Uddin and Nishu Nath},
  title     = {Exploring swarm intelligence optimization techniques for task scheduling in cloud computing: algorithms, performance analysis, and future prospects},
  journal   = {Iran Journal of Computer Science},
  volume    = {7},
  number    = {2},
  pages     = {337--358},
  year      = {2024},
  issn      = {2520-8446},
  doi       = {10.1007/s42044-023-00163-8},
}

@inproceedings{Trivedi2025,
  author    = {Shikhar Trivedi and Rajeev Gupta and Santosh Bharti},
  title     = {Metaheuristic Approaches in Path Finding and Optimization},
  booktitle = {2025 International Conference on Computational, Communication and Information Technology (ICCCIT)},
  year      = {2025},
  pages     = {38--43},
  doi       = {10.1109/ICCCIT62592.2025.10927756}
}

@inproceedings{Lei2024,
  author    = {Yingduo Lei and Haibo Yu and Qinna Zhu and Jian-Chao Zeng},
  title     = {An Enhanced Artificial Bee Colony Algorithm Based on Elimination History and Elite Correction},
  year      = {2024},
  pages     = {128--135},
  booktitle = {2024 6th International Conference on Data-driven Optimization of Complex Systems (DOCS)},
  doi       = {10.1109/DOCS63458.2024.10704252}
}

@book{Marinescu2017,
  author    = {Dan C. Marinescu},
  title     = {Cloud Computing: Theory and Practice}, 
  publisher = {Morgan Kaufmann},
  year      = {2017},
  month     = {November},
  edition   = {2nd},
  language  = {English},
  pages     = {588},
}

@inproceedings{Sakshi2016,
  author    = {Sakshi and Navtej Singh Ghumman},
  title     = {Cloud computing model and its load balancing algortihms},
  booktitle = {2016 3rd International Conference on Computing for Sustainable Global Development (INDIACom)},
  year      = {2016},
  pages     = {2940--2943},
}

@inproceedings{Awad2022,
  author = {W. K. Awad and E. T. Mahdi},
  title = {Tasks scheduling techniques in cloud computing},
  booktitle = {3rd Information Technology to Enhance e-learning and Other Application (IT-ELA-2022)},
  year = {2022},
  address = {Baghdad, Iraq}
}

@inproceedings{Buyya2009,
  author = {R. Buyya and R. Ranjan and R. N. Calheiros},
  title = {Modeling and simulation of scalable cloud computing environments and the CloudSim toolkit: Challenges and opportunities},
  booktitle = {Proceedings of the 2009 International Conference on High Performance Computing \& Simulation},
  year = {2009},
  pages = {1--11},
  address = {Leipzig, Germany}
}

@inproceedings{Xiang2023,
  author = {Wang Xiang and Wang Yancheng},
  title = {Research on information system cloud computing scheduling method based on swarm intelligence algorithm},
  booktitle = {2023 3rd International Signal Processing, Communications and Engineering Management Conference (ISPCEM)},
  year = {2023},
  address = {Selangor, Malaysia}
}

@article{Wang2021,
  author    = {Hui Wang and Wenjun Wang and Xinyu Zhou and Jia Zhao and Yun Wang and Songyi Xiao and Minyang Xu},
  title     = {Artificial bee colony algorithm based on knowledge fusion},
  journal   = {Complex \& Intelligent Systems},
  volume    = {7},
  number    = {3},
  pages     = {1139--1152},
  year      = {2021},
  issn      = {2198-6053},
  doi       = {10.1007/s40747-020-00171-2}
}

@inproceedings{Kimpan2016,
  author = {W. Kimpan and B. Kruekaew},
  title = {Heuristic task scheduling with artificial bee colony algorithm for virtual machines},
  booktitle = {2016 Joint 8th International Conference on Soft Computing and Intelligent Systems and 17th International Symposium on Advanced Intelligent Systems (SCIS-ISIS)},
  year = {2016},
  pages = {281--286},
  address = {Sapporo, Japan}
}

@article{Karaboga2010,
  author = {D. Karaboga},
  title = {Artificial bee colony algorithm},
  journal = {Scholarpedia},
  volume = {5},
  number = {3},
  pages = {6915},
  year = {2010}
}

@Inbook{Vanneschi2023,
  author    = {Leonardo Vanneschi and Sara Silva},
  title     = {Particle Swarm Optimization},
  booktitle = {Lectures on Intelligent Systems},
  year      = {2023},
  publisher = {Springer International Publishing},
  address   = {Cham},
  pages     = {105--111},
  isbn      = {978-3-031-17922-8},
  doi       = {10.1007/978-3-031-17922-8_4}
}

@article{Mathew2019,
  author  = {Tom V. Mathew},
  title   = {Genetic Algorithm},
  journal = {Journal Name},
  year    = {2019},                 
  address = {Department of Civil Engineering, Indian Institute of Technology Bombay, Mumbai-400076}
}

@inproceedings{Long2012,
  author = {S. Long and Y. Zhao},
  title = {A toolkit for modeling and simulating cloud data storage: An extension to CloudSim},
  booktitle = {2012 International Conference on Control Engineering and Communication Technology},
  year = {2012},
  pages = {597--600},
  address = {Guangzhou, China}
}

@book{Matthias2015,
  author    = {K. Matthias and S. P. Kane},
  title     = {Docker: Up \& Running -- Shipping Reliable Containers in Production},
  publisher = {O'Reilly Media},
  year      = {2015},
  address   = {Sebastopol, CA}
}

@inproceedings{Novotny2023,
  author    = {Georg Novotny and Simon Schwaiger and Lucas Muster and Mohamed Aburaia and Wilfried Wöber},
  title     = {On the Applicability of Docker Containers and systemd Services for Search and Rescue Applications*},
  year      = {2023},
  booktitle = {Proceedings of the Conference Name},
  address   = {Lokasi Konferensi}
}

@article{Rahnamayan2008,
  author = {H. Rahnamayan and H. R. Tizhoosh and M. M. Salama},
  title = {Opposition-based differential evolution},
  journal = {IEEE Transactions on Evolutionary Computation},
  volume = {12},
  number = {1},
  pages = {64--79},
  year = {2008}
}

@inproceedings{Zhou2013,
  author = {X. Zhou and Z. Wu and H. Wang},
  title = {Elite opposition-based differential evolution for solving large-scale optimization problems and its implementation on GPU},
  booktitle = {2013 IEEE Congress on Evolutionary Computation},
  year = {2013},
  pages = {1029--1036},
  address = {Cancun, Mexico}
}

@techreport{Pasquale1988,
  author      = {Joseph Pasquale and Barbara Bittel and Daniel Kraiman},
  title       = {A Static and Dynamic Workload Characterization Study of the San Diego Supercomputer Center Cray X-MP},
  institution = {Computer Systems Laboratory, Department of Computer Science and Engineering, University of California, San Diego},
  address     = {La Jolla, CA 92093},
  year        = {1988}
}

@article{Ciptaningtyas2024,
  author  = {Henning Titi Ciptaningtyas and Ary Mazharuddin Shiddiqi and Diana Purwitasari and Fuad Dary Rosyadi and Muhammad Nur Fauzan},
  title   = {Multi-objective Task Scheduling Algorithm in Cloud Computing Using Improved Squirrel Search Algorithm},
  journal = {International Journal of Intelligent Engineering and Systems},
  volume  = {17},
  number  = {1},
  year    = {2024},
  doi     = {10.22266/ijies2024.0229.74}
}

@article{Belferik2025,
  title         = {Analisis Average Waiting Time Penjadwalan CPU Menggunakan Algoritma Shortest Remaining First dan Algoritma Round Robin},
  volume        = {3},
  DOI           = {10.54259/jdmis.v3i1.4076},
  number        = {1},
  journal       = {JDMIS: Journal of Data Mining and Information Systems},
  author        = {Belferik, Ronald and Banjarnahor, Evander},
  year          = {2025},
  pages         = {43--53}
}

@article{Emara2021,
  author  = {Farouk A. Emara and Ahmed A. A. Gad-Elrab and Ahmed Sobhi and K. R. Raslan},
  title   = {Genetic-Based Multi-objective Task Scheduling Algorithm in Cloud Computing Environment},
  journal = {International Journal of Intelligent Engineering and Systems},
  volume  = {14},
  number  = {5},
  year    = {2021},
  doi     = {10.22266/ijies2021.1031.50}
}

@inproceedings{Tomar2022,
  author    = {Ankit Tomar and Santosh Kumar and Mridul Ghanshala and Saurabh Mishra and Ankit Gupta},
  title     = {Optimizing Degree of Imbalance and Utilization Cost in Cloud Environment using Effective Particle Swarm Method},
  booktitle = {4th International Conference on Communication and Information Processing (ICCIP-2022)},
  year      = {2022},
  organization = {Graphic Era Deemed to be University, Dehradun, 248002}
}